<record><leader>00000cas a2200000 a 4500</leader><controlfield tag="001">36173773</controlfield><controlfield tag="008">970108c19979999wiucr ne      0   a0eng c</controlfield><controlfield tag="009">1313</controlfield><datafield ind1=" " ind2=" " tag="010"><subfield code="a">sn 97001612 </subfield></datafield><datafield ind1=" " ind2=" " tag="040"><subfield code="a">WIH</subfield><subfield code="b">eng</subfield><subfield code="c">WIH</subfield><subfield code="d">NSD</subfield><subfield code="d">OCLCQ</subfield></datafield><datafield ind1=" " ind2=" " tag="012"><subfield code="m">y</subfield></datafield><datafield ind1="1" ind2=" " tag="022"><subfield code="a">1093-5290</subfield><subfield code="l">1093-5290</subfield><subfield code="y">1085-0740</subfield><subfield code="2">1</subfield></datafield><datafield ind1="1" ind2=" " tag="029"><subfield code="a">AU@</subfield><subfield code="b">000013196166</subfield></datafield><datafield ind1=" " ind2=" " tag="032"><subfield code="a">690080</subfield><subfield code="b">USPS</subfield></datafield><datafield ind1=" " ind2=" " tag="037"><subfield code="b">South Central Wisconsin Newspapers, 249 Main St., Elroy, WI 53929</subfield></datafield><datafield ind1=" " ind2=" " tag="042"><subfield code="a">nsdp</subfield><subfield code="a">pcc</subfield></datafield><datafield ind1=" " ind2=" " tag="043"><subfield code="a">n-us---</subfield></datafield><datafield ind1=" " ind2="0" tag="222"><subfield code="a">Keystone reporter</subfield></datafield><datafield ind1="0" ind2="0" tag="245"><subfield code="a">Keystone reporter.</subfield></datafield><datafield ind1=" " ind2=" " tag="260"><subfield code="a">Elroy, WI :</subfield><subfield code="b">South Central Wisconsin Newspapers,</subfield><subfield code="c">1997-</subfield></datafield><datafield ind1=" " ind2=" " tag="300"><subfield code="a">v.</subfield></datafield><datafield ind1=" " ind2=" " tag="310"><subfield code="a">Semiweekly</subfield></datafield><datafield ind1="0" ind2=" " tag="362"><subfield code="a">Vol. 121, no. 1 (Jan. 4, 1997)-</subfield></datafield><datafield ind1=" " ind2=" " tag="500"><subfield code="a">Title from caption.</subfield></datafield><datafield ind1=" " ind2=" " tag="500"><subfield code="a">"Elroy, Wonewoc, Kendall, Wilton, Union Center."</subfield></datafield><datafield ind1=" " ind2="0" tag="651"><subfield code="a">Wonewoc (Wis.)</subfield><subfield code="v">Newspapers.</subfield></datafield><datafield ind1=" " ind2=" " tag="752"><subfield code="a">United States</subfield><subfield code="b">Wisconsin</subfield><subfield code="c">Juneau</subfield><subfield code="d">Wonewoc.</subfield></datafield><datafield ind1=" " ind2=" " tag="752"><subfield code="a">United States</subfield><subfield code="b">Wisconsin</subfield><subfield code="c">Juneau</subfield><subfield code="d">Elroy.</subfield></datafield><datafield ind1=" " ind2=" " tag="752"><subfield code="a">United States</subfield><subfield code="b">Wisconsin</subfield><subfield code="c">Monroe</subfield><subfield code="d">Kendall.</subfield></datafield><datafield ind1=" " ind2=" " tag="752"><subfield code="a">United States</subfield><subfield code="b">Wisconsin</subfield><subfield code="c">Monroe</subfield><subfield code="d">Wilton.</subfield></datafield><datafield ind1="0" ind2="4" tag="780"><subfield code="t">Wonewoc reporter</subfield><subfield code="x">1085-0740</subfield><subfield code="w">(OCoLC)14879831</subfield></datafield><datafield ind1="0" ind2="4" tag="780"><subfield code="t">Tribune keystone</subfield><subfield code="w">(OCoLC)13678636</subfield></datafield></record>